<record><leader>00000cas a22000007a 4500</leader><controlfield tag="001">39165419</controlfield><controlfield tag="008">980522d19381957cauwr ne      0    0eng d</controlfield><datafield ind1=" " ind2=" " tag="010"><subfield code="a">sn 98061851 </subfield></datafield><datafield ind1=" " ind2=" " tag="040"><subfield code="a">CNK</subfield><subfield code="b">eng</subfield><subfield code="c">CNK</subfield><subfield code="d">OCLCQ</subfield><subfield code="d">OCLCF</subfield><subfield code="d">OCLCO</subfield></datafield><datafield ind1="1" ind2=" " tag="029"><subfield code="a">AU@</subfield><subfield code="b">000013963813</subfield></datafield><datafield ind1=" " ind2=" " tag="042"><subfield code="a">msc</subfield></datafield><datafield ind1=" " ind2=" " tag="043"><subfield code="a">n-us-ca</subfield></datafield><datafield ind1="0" ind2=" " tag="130"><subfield code="a">Los Altos news (Los Altos, Calif. : 1938)</subfield></datafield><datafield ind1="1" ind2="0" tag="245"><subfield code="a">Los Altos news.</subfield></datafield><datafield ind1=" " ind2=" " tag="260"><subfield code="a">Los Altos, Calif. :</subfield><subfield code="b">Los Altos Merchants</subfield></datafield><datafield ind1=" " ind2=" " tag="300"><subfield code="a">v.</subfield></datafield><datafield ind1=" " ind2=" " tag="310"><subfield code="a">Weekly</subfield></datafield><datafield ind1="0" ind2=" " tag="362"><subfield code="a">Vol. 1, no. 1 (Feb. 11, 1938)-v. 19, no. 7 (Aug. 30, 1957).</subfield></datafield><datafield ind1=" " ind2="0" tag="651"><subfield code="a">Los Altos (Calif.)</subfield><subfield code="v">Newspapers.</subfield></datafield><datafield ind1=" " ind2="7" tag="655"><subfield code="a">Newspapers.</subfield><subfield code="2">fast</subfield><subfield code="0">(OCoLC)fst01423814</subfield></datafield><datafield ind1=" " ind2="7" tag="651"><subfield code="a">California</subfield><subfield code="z">Los Altos.</subfield><subfield code="2">fast</subfield><subfield code="0">(OCoLC)fst01215900</subfield></datafield><datafield ind1=" " ind2=" " tag="752"><subfield code="a">United States</subfield><subfield code="b">California</subfield><subfield code="c">Santa Clara</subfield><subfield code="d">Los Altos.</subfield></datafield><datafield ind1="0" ind2="0" tag="785"><subfield code="t">Altos news and peninsula guide</subfield><subfield code="w">(DLC)sn 98061852</subfield></datafield></record>